@article{simonyan2014very,
  title={Very deep convolutional networks for large-scale image recognition},
  author={Simonyan, Karen and Zisserman, Andrew},
  journal={arXiv preprint arXiv:1409.1556},
  year={2014}
}

@article{waibel1989phoneme,
  title={Phoneme recognition using time-delay neural networks},
  author={Waibel, Alex and Hanazawa, Toshiyuki and Hinton, Geoffrey and Shikano, Kiyohiro and Lang, Kevin J},
  journal={IEEE transactions on acoustics, speech, and signal processing},
  volume={37},
  number={3},
  pages={328--339},
  year={1989},
  publisher={IEEE}
}

@article{hochreiter1997long,
  title={Long short-term memory},
  author={Hochreiter, Sepp and Schmidhuber, J{\"u}rgen},
  journal={Neural computation},
  volume={9},
  number={8},
  pages={1735--1780},
  year={1997},
  publisher={MIT Press}
}

@book{sarkar2018hands,
  title={Hands-On Transfer Learning with Python: Implement advanced deep learning and neural network models using TensorFlow and Keras},
  author={Sarkar, Dipanjan and Bali, Raghav and Ghosh, Tamoghna},
  year={2018},
  publisher={Packt Publishing Ltd}
}

@article{mitchell1997machine,
  title={Machine learning},
  author={Mitchell, Tom M and others},
  year={1997},
  publisher={McGraw-hill New York}
}

@inproceedings{snyder2018x,
  title={X-vectors: Robust dnn embeddings for speaker recognition},
  author={Snyder, David and Garcia-Romero, Daniel and Sell, Gregory and Povey, Daniel and Khudanpur, Sanjeev},
  booktitle={2018 IEEE International Conference on Acoustics, Speech and Signal Processing (ICASSP)},
  pages={5329--5333},
  year={2018},
  organization={IEEE}
}

@inproceedings{he2016deep,
  title={Deep residual learning for image recognition},
  author={He, Kaiming and Zhang, Xiangyu and Ren, Shaoqing and Sun, Jian},
  booktitle={Proceedings of the IEEE conference on computer vision and pattern recognition},
  pages={770--778},
  year={2016}
}

@article{chung2020defence,
  title={In defence of metric learning for speaker recognition},
  author={Chung, Joon Son and Huh, Jaesung and Mun, Seongkyu and Lee, Minjae and Heo, Hee Soo and Choe, Soyeon and Ham, Chiheon and Jung, Sunghwan and Lee, Bong-Jin and Han, Icksang},
  journal={arXiv preprint arXiv:2003.11982},
  year={2020}
}

@inproceedings{variani2014deep,
  title={Deep neural networks for small footprint text-dependent speaker verification},
  author={Variani, Ehsan and Lei, Xin and McDermott, Erik and Moreno, Ignacio Lopez and Gonzalez-Dominguez, Javier},
  booktitle={2014 IEEE International Conference on Acoustics, Speech and Signal Processing (ICASSP)},
  pages={4052--4056},
  year={2014},
  organization={IEEE}
}

@inproceedings{zhu2018self,
  title={Self-Attentive Speaker Embeddings for Text-Independent Speaker Verification.},
  author={Zhu, Yingke and Ko, Tom and Snyder, David and Mak, Brian and Povey, Daniel},
  booktitle={Interspeech},
  volume={2018},
  pages={3573--3577},
  year={2018}
}

@article{okabe2018attentive,
  title={Attentive statistics pooling for deep speaker embedding},
  author={Okabe, Koji and Koshinaka, Takafumi and Shinoda, Koichi},
  journal={arXiv preprint arXiv:1803.10963},
  year={2018}
}

@inproceedings{aytar2011tabula,
  title={Tabula rasa: Model transfer for object category detection},
  author={Aytar, Yusuf and Zisserman, Andrew},
  booktitle={2011 international conference on computer vision},
  pages={2252--2259},
  year={2011},
  organization={IEEE}
}

@inproceedings{xie2019utterance,
  title={Utterance-level aggregation for speaker recognition in the wild},
  author={Xie, Weidi and Nagrani, Arsha and Chung, Joon Son and Zisserman, Andrew},
  booktitle={ICASSP 2019-2019 IEEE International Conference on Acoustics, Speech and Signal Processing (ICASSP)},
  pages={5791--5795},
  year={2019},
  organization={IEEE}
}

@article{wilson2017marginal,
  title={The marginal value of adaptive gradient methods in machine learning},
  author={Wilson, Ashia C and Roelofs, Rebecca and Stern, Mitchell and Srebro, Nathan and Recht, Benjamin},
  journal={arXiv preprint arXiv:1705.08292},
  year={2017}
}

@inproceedings{nair2010rectified,
  title={Rectified linear units improve restricted boltzmann machines},
  author={Nair, Vinod and Hinton, Geoffrey E},
  booktitle={Icml},
  year={2010}
}

@article{snyder2015musan,
  title={Musan: A music, speech, and noise corpus},
  author={Snyder, David and Chen, Guoguo and Povey, Daniel},
  journal={arXiv preprint arXiv:1510.08484},
  year={2015}
}

@inproceedings{ko2017study,
  title={A study on data augmentation of reverberant speech for robust speech recognition},
  author={Ko, Tom and Peddinti, Vijayaditya and Povey, Daniel and Seltzer, Michael L and Khudanpur, Sanjeev},
  booktitle={2017 IEEE International Conference on Acoustics, Speech and Signal Processing (ICASSP)},
  pages={5220--5224},
  year={2017},
  organization={IEEE}
}

@article{reynolds1995robust,
  title={Robust text-independent speaker identification using Gaussian mixture speaker models},
  author={Reynolds, Douglas A and Rose, Richard C},
  journal={IEEE transactions on speech and audio processing},
  volume={3},
  number={1},
  pages={72--83},
  year={1995},
  publisher={IEEE}
}

@inproceedings{kenny2003new,
  title={New MAP estimators for speaker recognition},
  author={Kenny, Patrick and Mihoubi, Mohamed and Dumouchel, Pierre},
  booktitle={Eighth European Conference on Speech Communication and Technology},
  year={2003}
}

@article{keskar2017improving,
  title={Improving generalization performance by switching from adam to sgd},
  author={Keskar, Nitish Shirish and Socher, Richard},
  journal={arXiv preprint arXiv:1712.07628},
  year={2017}
}

@article{nagrani2017voxceleb,
  title={Voxceleb: a large-scale speaker identification dataset},
  author={Nagrani, Arsha and Chung, Joon Son and Zisserman, Andrew},
  journal={arXiv preprint arXiv:1706.08612},
  year={2017}
}

@inproceedings{snyder2017deep,
  title={Deep Neural Network Embeddings for Text-Independent Speaker Verification.},
  author={Snyder, David and Garcia-Romero, Daniel and Povey, Daniel and Khudanpur, Sanjeev},
  booktitle={Interspeech},
  pages={999--1003},
  year={2017}
}

@inproceedings{ravanelli2018speaker,
  title={Speaker recognition from raw waveform with sincnet},
  author={Ravanelli, Mirco and Bengio, Yoshua},
  booktitle={2018 IEEE Spoken Language Technology Workshop (SLT)},
  pages={1021--1028},
  year={2018},
  organization={IEEE}
}

@inproceedings{snyder2019speaker,
  title={Speaker recognition for multi-speaker conversations using x-vectors},
  author={Snyder, David and Garcia-Romero, Daniel and Sell, Gregory and McCree, Alan and Povey, Daniel and Khudanpur, Sanjeev},
  booktitle={ICASSP 2019-2019 IEEE International Conference on Acoustics, Speech and Signal Processing (ICASSP)},
  pages={5796--5800},
  year={2019},
  organization={IEEE}
}

@inproceedings{liu2017sphereface,
  title={Sphereface: Deep hypersphere embedding for face recognition},
  author={Liu, Weiyang and Wen, Yandong and Yu, Zhiding and Li, Ming and Raj, Bhiksha and Song, Le},
  booktitle={Proceedings of the IEEE conference on computer vision and pattern recognition},
  pages={212--220},
  year={2017}
}

@inproceedings{villalba2019state,
  title={State-of-the-Art Speaker Recognition for Telephone and Video Speech: The JHU-MIT Submission for NIST SRE18.},
  author={Villalba, Jes{\'u}s and Chen, Nanxin and Snyder, David and Garcia-Romero, Daniel and McCree, Alan and Sell, Gregory and Borgstrom, Jonas and Richardson, Fred and Shon, Suwon and Grondin, Fran{\c{c}}ois and others},
  booktitle={Interspeech},
  pages={1488--1492},
  year={2019}
}

@inproceedings{snyder2019jhu,
  title={The JHU Speaker Recognition System for the VOiCES 2019 Challenge.},
  author={Snyder, David and Villalba, Jes{\'u}s and Chen, Nanxin and Povey, Daniel and Sell, Gregory and Dehak, Najim and Khudanpur, Sanjeev},
  booktitle={INTERSPEECH},
  pages={2468--2472},
  year={2019}
}

@article{wang2018additive,
  title={Additive margin softmax for face verification},
  author={Wang, Feng and Cheng, Jian and Liu, Weiyang and Liu, Haijun},
  journal={IEEE Signal Processing Letters},
  volume={25},
  number={7},
  pages={926--930},
  year={2018},
  publisher={IEEE}
}

@inproceedings{deng2019arcface,
  title={Arcface: Additive angular margin loss for deep face recognition},
  author={Deng, Jiankang and Guo, Jia and Xue, Niannan and Zafeiriou, Stefanos},
  booktitle={Proceedings of the IEEE/CVF Conference on Computer Vision and Pattern Recognition},
  pages={4690--4699},
  year={2019}
}

@inproceedings{wang2019metric,
  title={Metric Learning based Framework for Streaming Classification with Concept Evolution},
  author={Wang, Zhuoyi and Tao, Hemeng and Kong, Zelun and Chandra, Swarup and Khan, Latifur},
  booktitle={2019 International Joint Conference on Neural Networks (IJCNN)},
  pages={1--8},
  year={2019},
  organization={IEEE}
}

@inproceedings{chopra2005learning,
  title={Learning a similarity metric discriminatively, with application to face verification},
  author={Chopra, Sumit and Hadsell, Raia and LeCun, Yann},
  booktitle={2005 IEEE Computer Society Conference on Computer Vision and Pattern Recognition (CVPR'05)},
  volume={1},
  pages={539--546},
  year={2005},
  organization={IEEE}
}

@inproceedings{schroff2015facenet,
  title={Facenet: A unified embedding for face recognition and clustering},
  author={Schroff, Florian and Kalenichenko, Dmitry and Philbin, James},
  booktitle={Proceedings of the IEEE conference on computer vision and pattern recognition},
  pages={815--823},
  year={2015}
}

@article{zhang2018text,
  title={Text-independent speaker verification based on triplet convolutional neural network embeddings},
  author={Zhang, Chunlei and Koishida, Kazuhito and Hansen, John HL},
  journal={IEEE/ACM Transactions on Audio, Speech, and Language Processing},
  volume={26},
  number={9},
  pages={1633--1644},
  year={2018},
  publisher={IEEE}
}

@inproceedings{rahman2018attention,
  title={Attention-based models for text-dependent speaker verification},
  author={rahman Chowdhury, FA Rezaur and Wang, Quan and Moreno, Ignacio Lopez and Wan, Li},
  booktitle={2018 IEEE International Conference on Acoustics, Speech and Signal Processing (ICASSP)},
  pages={5359--5363},
  year={2018},
  organization={IEEE}
}

@article{raffel2015feed,
  title={Feed-forward networks with attention can solve some long-term memory problems},
  author={Raffel, Colin and Ellis, Daniel PW},
  journal={arXiv preprint arXiv:1512.08756},
  year={2015}
}

@inproceedings{barai2017asr,
  title={An ASR system using MFCC and VQ/GMM with emphasis on environmental dependency},
  author={Barai, Bidhan and Das, Debayan and Das, Nibaran and Basu, Subhadip and Nasipuri, Mita},
  booktitle={2017 IEEE Calcutta Conference (CALCON)},
  pages={362--366},
  year={2017},
  organization={IEEE}
}

@misc{ZaloAIChallenge,
  title = {Zalo AI Challenge},
  howpublished = {\url{https://challenge.zalo.ai/}},
  note = {Truy cập vào: 10-05-2021}
}

@misc{VIVOS,
  title = {VIVOS Corpus},
  howpublished = {\url{https://ailab.hcmus.edu.vn/vivos}},
  note = {Truy cập vào: 10-05-2021}
}

@misc{VLSP,
  title = {Automatic Speech Recognition for Vietnamese},
  howpublished = {\url{https://vlsp.org.vn/vlsp2020/eval/asr}},
  note = {Truy cập vào: 10-05-2021}
}
@misc{sgdvsadam,
  title = {SGD > Adam?? Which One Is The Best Optimizer: Dogs-VS-Cats Toy Experiment},
  howpublished = {\url{https://shaoanlu.wordpress.com/2017/05/29/sgd-all-which-one-is-the-best-optimizer-dogs-vs-cats-toy-experiment/}},
  note = {Truy cập vào: 24-05-2021}
}

@inproceedings{ni2017fine,
  title={Fine-grained patient similarity measuring using deep metric learning},
  author={Ni, Jiazhi and Liu, Jie and Zhang, Chenxin and Ye, Dan and Ma, Zhirou},
  booktitle={Proceedings of the 2017 ACM on Conference on Information and Knowledge Management},
  pages={1189--1198},
  year={2017}
}

@inproceedings{bustamam2018implementation,
  title={Implementation $\chi$--sim co-similarity and agglomerative hierarchical to cluster gene expression data of lymphoma by gene and condition},
  author={Bustamam, A and Zubedi, F and Siswantining, Titin},
  booktitle={AIP Conference Proceedings},
  volume={2023},
  number={1},
  pages={020221},
  year={2018},
  organization={AIP Publishing LLC}
}

@article{silva2018fast,
  title={Fast similarity matrix profile for music analysis and exploration},
  author={Silva, Diego F and Yeh, Chin-Chia M and Zhu, Yan and Batista, Gustavo EAPA and Keogh, Eamonn},
  journal={IEEE Transactions on Multimedia},
  volume={21},
  number={1},
  pages={29--38},
  year={2018},
  publisher={IEEE}
}

@article{zeiler2012adadelta,
  title={Adadelta: an adaptive learning rate method},
  author={Zeiler, Matthew D},
  journal={arXiv preprint arXiv:1212.5701},
  year={2012}
}

@article{kingma2014adam,
  title={Adam: A method for stochastic optimization},
  author={Kingma, Diederik P and Ba, Jimmy},
  journal={arXiv preprint arXiv:1412.6980},
  year={2014}
}

@inproceedings{hussain2010improved,
  title={An improved co-similarity measure for document clustering},
  author={Hussain, Syed Fawad and Bisson, Gilles and Grimal, Cl{\'e}ment},
  booktitle={2010 Ninth International Conference on Machine Learning and Applications},
  pages={190--197},
  year={2010},
  organization={IEEE}
}

@inproceedings{yang2019outlier,
  title={Outlier detection: how to threshold outlier scores?},
  author={Yang, Jiawei and Rahardja, Susanto and Fr{\"a}nti, Pasi},
  booktitle={Proceedings of the international conference on artificial intelligence, information processing and cloud computing},
  pages={1--6},
  year={2019}
}

@article{heo2020clova,
  title={Clova baseline system for the voxceleb speaker recognition challenge 2020},
  author={Heo, Hee Soo and Lee, Bong-Jin and Huh, Jaesung and Chung, Joon Son},
  journal={arXiv preprint arXiv:2009.14153},
  year={2020}
}

@inproceedings{defossez2020real,
  title={Real Time Speech Enhancement in the Waveform Domain},
  author={Defossez, Alexandre and Synnaeve, Gabriel and Adi, Yossi},
  booktitle={Interspeech},
  year={2020}
}

@inproceedings{wan2018generalized,
  title={Generalized end-to-end loss for speaker verification},
  author={Wan, Li and Wang, Quan and Papir, Alan and Moreno, Ignacio Lopez},
  booktitle={2018 IEEE International Conference on Acoustics, Speech and Signal Processing (ICASSP)},
  pages={4879--4883},
  year={2018},
  organization={IEEE}
}

@article{devlin2018bert,
  title={Bert: Pre-training of deep bidirectional transformers for language understanding},
  author={Devlin, Jacob and Chang, Ming-Wei and Lee, Kenton and Toutanova, Kristina},
  journal={arXiv preprint arXiv:1810.04805},
  year={2018}
}

@article{brown2020language,
  title={Language models are few-shot learners},
  author={Brown, Tom B and Mann, Benjamin and Ryder, Nick and Subbiah, Melanie and Kaplan, Jared and Dhariwal, Prafulla and Neelakantan, Arvind and Shyam, Pranav and Sastry, Girish and Askell, Amanda and others},
  journal={arXiv preprint arXiv:2005.14165},
  year={2020}
}

@article{radford2019language,
  title={Language models are unsupervised multitask learners},
  author={Radford, Alec and Wu, Jeffrey and Child, Rewon and Luan, David and Amodei, Dario and Sutskever, Ilya},
  journal={OpenAI blog},
  volume={1},
  number={8},
  pages={9},
  year={2019}
}

@inproceedings{deng2009imagenet,
  title={Imagenet: A large-scale hierarchical image database},
  author={Deng, Jia and Dong, Wei and Socher, Richard and Li, Li-Jia and Li, Kai and Fei-Fei, Li},
  booktitle={2009 IEEE conference on computer vision and pattern recognition},
  pages={248--255},
  year={2009},
  organization={Ieee}
}

@inproceedings{yani2019application,
  title={Application of transfer learning using convolutional neural network method for early detection of terry’s nail},
  author={Yani, Muhamad and others},
  booktitle={Journal of Physics: Conference Series},
  volume={1201},
  number={1},
  pages={012052},
  year={2019},
  organization={IOP Publishing}
}

@inproceedings{wang2017deep,
  title={Deep metric learning with angular loss},
  author={Wang, Jian and Zhou, Feng and Wen, Shilei and Liu, Xiao and Lin, Yuanqing},
  booktitle={Proceedings of the IEEE International Conference on Computer Vision},
  pages={2593--2601},
  year={2017}
}

@article{wei2020angular,
  title={Angular Margin Centroid Loss for Text-independent Speaker Recognition},
  author={Wei, Yuheng and Du, Junzhao and Liu, Hui},
  journal={Proc. Interspeech 2020},
  pages={3820--3824},
  year={2020}
}

@article{krizhevsky2012imagenet,
  title={Imagenet classification with deep convolutional neural networks},
  author={Krizhevsky, Alex and Sutskever, Ilya and Hinton, Geoffrey E},
  journal={Advances in neural information processing systems},
  volume={25},
  pages={1097--1105},
  year={2012}
}

@article{lecun1989backpropagation,
  title={Backpropagation applied to handwritten zip code recognition},
  author={LeCun, Yann and Boser, Bernhard and Denker, John S and Henderson, Donnie and Howard, Richard E and Hubbard, Wayne and Jackel, Lawrence D},
  journal={Neural computation},
  volume={1},
  number={4},
  pages={541--551},
  year={1989},
  publisher={MIT Press}
}

@article{haspeaker,
  title={A SPEAKER RECOGNITION SYSTEM USING COMBINATION METHOD BETWEEN VECTOR QUANTIZATION AND GAUSSIAN MIXTURE MODEL},
  author={HA, NGUYEN TU and HUNG, NGO QUOC}
}

@INPROCEEDINGS{7054126,
  author={Thi Thu, Diep Dao and Van, Loan Trinh and Hong, Quang Nguyen and Ngoc, Hung Pham},
  booktitle={2013 International Conference on Soft Computing and Pattern Recognition (SoCPaR)}, 
  title={Text-dependent speaker recognition for vietnamese}, 
  year={2013},
  volume={},
  number={},
  pages={196-200},
  doi={10.1109/SOCPAR.2013.7054126}}

@inproceedings{nguyen2018vietnamese,
  title={Vietnamese speaker authentication using deep models},
  author={Nguyen, Son T and Lai, Viet D and Dam-Ba, Quyen and Nguyen-Xuan, Anh and Pham, Cuong},
  booktitle={Proceedings of the Ninth International Symposium on Information and Communication Technology},
  pages={177--184},
  year={2018}
}

@article{nagrani2020voxceleb,
  title={Voxceleb: Large-scale speaker verification in the wild},
  author={Nagrani, Arsha and Chung, Joon Son and Xie, Weidi and Zisserman, Andrew},
  journal={Computer Speech \& Language},
  volume={60},
  pages={101027},
  year={2020},
  publisher={Elsevier}
}

@inproceedings{nidadavolu2019low,
  title={Low-resource domain adaptation for speaker recognition using cycle-gans},
  author={Nidadavolu, Phani Sankar and Kataria, Saurabh and Villalba, Jes{\'u}s and Dehak, Najim},
  booktitle={2019 IEEE Automatic Speech Recognition and Understanding Workshop (ASRU)},
  pages={710--717},
  year={2019},
  organization={IEEE}
}

@inproceedings{xia2019cross,
  title={Cross-lingual text-independent speaker verification using unsupervised adversarial discriminative domain adaptation},
  author={Xia, Wei and Huang, Jing and Hansen, John HL},
  booktitle={ICASSP 2019-2019 IEEE International Conference on Acoustics, Speech and Signal Processing (ICASSP)},
  pages={5816--5820},
  year={2019},
  organization={IEEE}
}

@article{thienpondt2020cross,
  title={Cross-lingual speaker verification with domain-balanced hard prototype mining and language-dependent score normalization},
  author={Thienpondt, Jenthe and Desplanques, Brecht and Demuynck, Kris},
  journal={arXiv preprint arXiv:2007.07689},
  year={2020}
}

@article{mcilwaine2021jellynet,
  title={JellyNet: The convolutional neural network jellyfish bloom detector},
  author={Mcilwaine, Ben and Casado, M{\'o}nica Rivas},
  journal={International Journal of Applied Earth Observation and Geoinformation},
  volume={97},
  pages={102279},
  year={2021},
  publisher={Elsevier}
}

@inproceedings{xiang2019margin,
  title={Margin matters: Towards more discriminative deep neural network embeddings for speaker recognition},
  author={Xiang, Xu and Wang, Shuai and Huang, Houjun and Qian, Yanmin and Yu, Kai},
  booktitle={2019 Asia-Pacific Signal and Information Processing Association Annual Summit and Conference (APSIPA ASC)},
  pages={1652--1656},
  year={2019},
  organization={IEEE}
}

@inproceedings{howard-ruder-2018-universal,
    title = "Universal Language Model Fine-tuning for Text Classification",
    author = "Howard, Jeremy  and
      Ruder, Sebastian",
    booktitle = "Proceedings of the 56th Annual Meeting of the Association for Computational Linguistics (Volume 1: Long Papers)",
    month = jul,
    year = "2018",
    address = "Melbourne, Australia",
    publisher = "Association for Computational Linguistics",
    url = "https://www.aclweb.org/anthology/P18-1031",
    doi = "10.18653/v1/P18-1031",
    pages = "328--339",
    abstract = "Inductive transfer learning has greatly impacted computer vision, but existing approaches in NLP still require task-specific modifications and training from scratch. We propose Universal Language Model Fine-tuning (ULMFiT), an effective transfer learning method that can be applied to any task in NLP, and introduce techniques that are key for fine-tuning a language model. Our method significantly outperforms the state-of-the-art on six text classification tasks, reducing the error by 18-24{\%} on the majority of datasets. Furthermore, with only 100 labeled examples, it matches the performance of training from scratch on 100 times more data. We open-source our pretrained models and code.",
}


@article{snell2017prototypical,
  title={Prototypical networks for few-shot learning},
  author={Snell, Jake and Swersky, Kevin and Zemel, Richard S},
  journal={arXiv preprint arXiv:1703.05175},
  year={2017}
}

@inproceedings{wang2019ranked,
  title={Ranked list loss for deep metric learning},
  author={Wang, Xinshao and Hua, Yang and Kodirov, Elyor and Hu, Guosheng and Garnier, Romain and Robertson, Neil M},
  booktitle={Proceedings of the IEEE/CVF Conference on Computer Vision and Pattern Recognition},
  pages={5207--5216},
  year={2019}
}

@inproceedings{oh2016deep,
  title={Deep metric learning via lifted structured feature embedding},
  author={Oh Song, Hyun and Xiang, Yu and Jegelka, Stefanie and Savarese, Silvio},
  booktitle={Proceedings of the IEEE conference on computer vision and pattern recognition},
  pages={4004--4012},
  year={2016}
}

@inproceedings{thienpondt2021idlab,
  title={The Idlab Voxsrc-20 Submission: Large Margin Fine-Tuning and Quality-Aware Score Calibration in DNN Based Speaker Verification},
  author={Thienpondt, Jenthe and Desplanques, Brecht and Demuynck, Kris},
  booktitle={ICASSP 2021-2021 IEEE International Conference on Acoustics, Speech and Signal Processing (ICASSP)},
  pages={5814--5818},
  year={2021},
  organization={IEEE}
}